% Encoding: UTF-8

@Comment{jabref-meta: databaseType:bibtex;}
@article{OpenDataSmartCities,
title = {The impacts of open data initiatives on smart cities: A framework for evaluation and monitoring},
journal = {Cities},
volume = {106},
pages = {102860},
year = {2020},
issn = {0264-2751},
doi = {https://doi.org/10.1016/j.cities.2020.102860},
url = {https://www.sciencedirect.com/science/article/pii/S0264275120312087},
author = {Fátima Trindade Neves and Miguel {de Castro Neto} and Manuela Aparicio},
keywords = {Open data, Smart cities, Sustainable urban development, Impact evaluation, Randomized controlled trials, Theoretical framework},
abstract = {As the world's population is becoming progressively urban-dwelling, sustainable development challenges are increasingly concentrated in cities, placing tremendous pressure on society to build more sustainable, innovative, and equitable urban environments. Consequently, today's cities require integrated policies and new innovative ways to manage and improve the complexity of urban living conditions. The growing volume and variety of data produced in the urban ecosystem are crucial for obtaining the city's insights and building knowledge-based solutions for a smarter and more sustainable urban development. In this paper, we look at the open data impacts on these complex ecosystems and its crucial enabler role for the generation and analysis of contextual and actionable data aimed at understanding, managing, and planning the city. Despite the importance of open data, the literature is scarce in systematic and structured research that evaluates its impacts on the smart city context. This paper explores this gap by proposing a theoretical framework, composed of a model and an experiment grounded on the use of Randomized Controlled Trials (RCT), designed to give a more detailed view concerning the context and characteristics of the impacts of open data initiatives on smart cities' sustainable development. This work will contribute to open data management and smart city development, providing boundaries and theoretical insights for further research and experimentation on how open data can be leveraged to develop better smart cities.}
}

@misc{OpenDefinition,
title={Open Definition}, 
url={https://opendefinition.org/od/2.1/en/},
journal={Foundation, Open Knowledge Open Definition},
abstract={The Open Definition makes precise the meaning of “open” with respect to knowledge, promoting a robust commons in which anyone may participate, and interoperability is maximized.}, 
author={Open Data Foundation}
}

@misc{what-is-open,
title={Open Knowledge Foundation}, 
url={https://okfn.org/opendata/}, 
journal={What is open?}
}

@misc{OpenDataHandbook,
title={Open Data Handbook}, 
url={https://opendatahandbook.org},
journal={Open Data Handbook},
abstract={Open Data Handbook}, 
author={Open Data Handbook}
}

@inproceedings{ojo2015tale,
  title={A tale of open data innovations in five smart cities},
  author={Ojo, Adegboyega and Curry, Edward and Zeleti, Fatemeh Ahmadi},
  booktitle={2015 48th Hawaii International Conference on System Sciences},
  pages={2326--2335},
  year={2015},
  organization={IEEE}
}

@misc{smassa, 
    title={Sociedad municipal de aparcamientos y servicios de Málaga}, 
    url={https://www.smassa.eu/}, 
    journal={SMASSA}
}

@misc{OpenDataParkingMalaga, 
    title={Ocupación aparcamientos públicos municipales - Datos abiertos Ayto. Málaga}, 
    url={https://datosabiertos.malaga.eu/dataset/ocupacion-aparcamientos-publicos-municipales}, 
    journal={Conjuntos de datos - Datos abiertos Ayto. Málaga}
}

@misc{pymongo, 
title={PyMongo Documentation}, 
url={https://pymongo.readthedocs.io/}, 
journal={PyMongo 4.0.1 Documentation - PyMongo 4.0.1 documentation}
}

@misc{sbt, 
title={SBT}, 
url={https://www.scala-sbt.org/}, 
journal={sbt}
}

@misc{spark, title={Apache Spark}, 
url={https://spark.apache.org/}, 
journal={Unified Engine for large-scale data analytics}
}

 @misc{fiware, title={Open apis for open minds}, 
 url={http://www.fiware.org/}, 
 journal={FIWARE}, 
 year={2021}, 
 month={Dec}}

 @article{open-janssen,
author = {Janssen, Marijn and Charalabidis, Yannis and Zuiderwijk, Anneke},
title = {Benefits, Adoption Barriers and Myths of Open Data and Open Government},
volume = {29},
journal = {Information Systems Management},
doi = {10.1080/10580530.2012.716740}
}

@misc{kubernetes, title={Kubernetes Documentation}, 
url={https://kubernetes.io/docs/home/}, 
journal={Kubernetes}
}

@misc{cka-course, title={Certified Kubernetes Administrator (CKA) Course}, 
url={https://www.udemy.com/course/certified-kubernetes-administrator-with-practice-tests/}, 
journal={Course CKA}, 
publisher={Udemy}, 
author={Mannambeth, Mumshad and Training, KodeKloud}
}

@misc{ml-spark, title={Apache Spark ML Docs}, 
url={https://spark.apache.org/docs/latest/ml-features}, 
journal={Unified Engine for large-scale data analytics}
}

@misc{kubernetes-spark, title={Apache Spark Kubernetes Docs}, 
url={https://spark.apache.org/docs/latest/running-on-kubernetes.html}, 
journal={Unified Engine for large-scale data analytics}
}

@misc{minikube, title={minikube start}, 
url={https://minikube.sigs.k8s.io/docs/start/}, 
journal={minikube}}

@article{CONRADIE2014S10,
title = {On the barriers for local government releasing open data},
journal = {Government Information Quarterly},
volume = {31},
pages = {S10-S17},
year = {2014},
note = {ICEGOV 2012 Supplement},
issn = {0740-624X},
doi = {https://doi.org/10.1016/j.giq.2014.01.003},
url = {https://www.sciencedirect.com/science/article/pii/S0740624X14000513},
author = {Peter Conradie and Sunil Choenni},
keywords = {Open data, PSI, Process barriers, Data release},
}

@incollection{bizer2011linked,
  title={Linked data: The story so far},
  author={Bizer, Christian and Heath, Tom and Berners-Lee, Tim},
  booktitle={Semantic services, interoperability and web applications: emerging concepts},
  pages={205--227},
  year={2011},
  publisher={IGI global}
}

@misc{fiware-docs, title={FIWARE Smart Platform documentation}, 
url={https://www.fiware.org/community/smart-industry/}, 
journal={fiware}}

@article{mitchell1997machine,
  title={Machine Learning McGraw-Hill International},
  author={Mitchell, TM},
  year={1997}
}
@misc{brownlee_2019, title={How to Think About Machine Learning}, 
url={https://machinelearningmastery.com/think-machine-learning/}, 
journal={Machine Learning Mastery}, 
author={Brownlee, Jason}, 
year={2019}, 
month={Aug}}